<?xml version="1.0" encoding="UTF-8"?><collection xmlns="http://www.loc.gov/MARC21/slim"><record><leader>00409nam--2200145-i-4500</leader><controlfield tag="001">000015197</controlfield><controlfield tag="002">20161230</controlfield><controlfield tag="005">20170209180743</controlfield><controlfield tag="008">060222s1000------------r-----000-0-eng-d</controlfield><datafield ind1=" " ind2=" " tag="245"><subfield code="a">Handbook of materials science. Vol.2: Metals, composites and refractory materials</subfield></datafield><datafield ind1=" " ind2=" " tag="260"><subfield code="a">Ohio</subfield><subfield code="b">Crc Press, Inc</subfield><subfield code="c">1975</subfield></datafield><datafield ind1=" " ind2=" " tag="300"><subfield code="a">440 p</subfield></datafield><datafield ind1=" " ind2=" " tag="700"><subfield code="a">Lynch, Charles T</subfield></datafield><datafield ind1=" " ind2=" " tag="852"><subfield code="a">620.1(03)</subfield></datafield><datafield ind1=" " ind2=" " tag="CAT"><subfield code="a">SYS</subfield><subfield code="c">20170209</subfield><subfield code="h">180743</subfield></datafield></record></collection>